% Créé le ____
% Mis à jour le ____

% Il s'agit de l'ensemble de la littérature utile à mon mémoire

% Ci-dessous, quelques textes phares de l'opinion publique et des méthodes quantitatives: 

%%%%%%%%%%%%%%%%%%%%%%%%%%%%%%%%%%%%%%%%%%%%%%%%%%%%%%%%%%%%%%%%%%%%%%%%%%%%%%%%%%%%%%%%%%%%%%%%%%%
%%%%%%%%%%%%%%%%%%%%%%%%%%%%%%%%%%%%%%%% Base de données %%%%%%%%%%%%%%%%%%%%%%%%%%%%%%%%%%%%%%%%%%
%%%%%%%%%%%%%%%%%%%%%%%%%%%%%%%%%%%%%%%%%%%%%%%%%%%%%%%%%%%%%%%%%%%%%%%%%%%%%%%%%%%%%%%%%%%%%%%%%%%

@article{data-CES2015,
	Author = {Patrick Fournier and Fred Cutler and Stuart Soroka and Dietlind Stolle},
	Title = {{Canadian Election Study/Étude électorale canadienne 2015}},
	Year = {2015}}

%%%%%%%%%%%%%%%%%%%%%%%%%%%%%%%%%%%%%%%%%%%%%%%%%%%%%%%%%%%%%%%%%%%%%%%%%%%%%%%%%%%%%%%%%%%%%%%%%%%
%%%%%%%%%%%%%%%%%%%%%%%%%%%%%%%%%%%%%%%%% Opinion publique %%%%%%%%%%%%%%%%%%%%%%%%%%%%%%%%%%%%%%%%
%%%%%%%%%%%%%%%%%%%%%%%%%%%%%%%%%%%%%%%%%%%%%%%%%%%%%%%%%%%%%%%%%%%%%%%%%%%%%%%%%%%%%%%%%%%%%%%%%%%

@book{lewis2008american,
  title={The American voter revisited},
  author={Lewis-Beck, Michael S and Norpoth, Helmut and Jacoby, William G and Weisberg, Herbert F},
  year={2008},
  publisher={University of Michigan Press}
}

@article{alford2005political,
  title={Are political orientations genetically transmitted?},
  author={Alford, John R and Funk, Carolyn L and Hibbing, John R},
  journal={American political science review},
  volume={99},
  number={2},
  pages={153--167},
  year={2005},
  publisher={Cambridge University Press}
}

@article{converse2006nature,
  title={The nature of belief systems in mass publics (1964)},
  author={Converse, Philip E},
  journal={Critical review},
  volume={18},
  number={1-3},
  pages={1--74},
  year={2006},
  publisher={Taylor \& Francis}
}

@article{lupia1994shortcuts,
  title={Shortcuts versus encyclopedias: Information and voting behavior in California insurance reform elections},
  author={Lupia, Arthur},
  journal={American Political Science Review},
  volume={88},
  number={1},
  pages={63--76},
  year={1994},
  publisher={Cambridge University Press}
}

@book{page2010rational,
  title={The rational public: Fifty years of trends in Americans' policy preferences},
  author={Page, Benjamin I and Shapiro, Robert Y},
  year={2010},
  publisher={University of Chicago Press}
}

@book{mutz1998impersonal,
  title={Impersonal influence: How perceptions of mass collectives affect political attitudes},
  author={Mutz, Diana C},
  year={1998},
  publisher={Cambridge University Press}
}

@book{iyengar2010news,
  title={News that matters: Television and American opinion},
  author={Iyengar, Shanto and Kinder, Donald R},
  year={2010},
  publisher={University of Chicago Press}
}

@book{zaller1992nature,
  title={The nature and origins of mass opinion},
  author={Zaller, John R and others},
  year={1992},
  publisher={Cambridge university press}
}

@book{lippmann2017public,
  title={Public opinion},
  author={Lippmann, Walter},
  year={2017},
  publisher={Routledge}
}

@article{downs1957economic,
  title={An economic theory of democracy},
  author={Downs, Anthony and others},
  year={1957},
  publisher={New York}
}

%%%%%%%%%%%%%%%%%%%%%%%%%%%%%%%%%%%%%%%%%%%%%%%%%%%%%%%%%%%%%%%%%%%%%%%%%%%%%%%%%%%%%%%%%%%%%%%%%%%
%%%%%%%%%%%%%%%%%%%%%%%%%%%%%%% Devis de recherche et méthode quanti %%%%%%%%%%%%%%%%%%%%%%%%%%%%%%
%%%%%%%%%%%%%%%%%%%%%%%%%%%%%%%%%%%%%%%%%%%%%%%%%%%%%%%%%%%%%%%%%%%%%%%%%%%%%%%%%%%%%%%%%%%%%%%%%%%


@book{king1994designing,
  title={Designing social inquiry: Scientific inference in qualitative research},
  author={King, Gary and Keohane, Robert O and Verba, Sidney},
  year={1994},
  publisher={Princeton university press}
}

@book{popper1970normal,
  title={Normal science and its dangers},
  author={Popper, Karl R and others},
  year={1970},
  publisher={Cambridge University Press}
}

@article{almond1977clouds,
  title={Clouds, clocks, and the study of politics},
  author={Almond, Gabriel A and Genco, Stephen J},
  journal={World politics},
  volume={29},
  number={4},
  pages={489--522},
  year={1977},
  publisher={Cambridge University Press}
}

@article{sartori1970concept,
  title={Concept misformation in comparative politics},
  author={Sartori, Giovanni},
  journal={American political science review},
  volume={64},
  number={4},
  pages={1033--1053},
  year={1970},
  publisher={Cambridge University Press}
}

@article{lijphart1971comparative,
  title={Comparative politics and the comparative method},
  author={Lijphart, Arend},
  journal={American political science review},
  volume={65},
  number={3},
  pages={682--693},
  year={1971},
  publisher={Cambridge University Press}
}
